@article{kyu,
 author = {Kyusakov, Rumen and Pereira, Pablo Pu\~{n}al and Eliasson, Jens and Delsing, Jerker},
 title = {EXIP: A Framework for Embedded Web Development},
 journal = {ACM Trans. Web},
 issue_date = {October 2014},
 volume = {8},
 number = {4},
 month = nov,
 year = {2014},
 issn = {1559-1131},
 pages = {23:1--23:29},
 articleno = {23},
 numpages = {29},
 url = {http://doi.acm.org/10.1145/2665068},
 doi = {10.1145/2665068},
 acmid = {2665068},
 publisher = {ACM},
 address = {New York, NY, USA},
}
@TechReport{pei,
  author      = "Daniel Peintner and Santiago Pericas-Geertsen",
  title       = "Efficient {XML} Interchange ({EXI}) Primer",
  month       = apr,
  note        = {\url{http://www.w3.org/TR/2014/WD-exi-primer-20140424/}},
  year        = "2014",
  bibsource   = "http://w2.syronex.com/jmr/w3c-biblio",
  type        = "{W3C} Working Draft",
  institution = "W3C",
}
@techreport{rfc7252,
  author = {Z. Shelby and K. Hartke and C. Bormann},
  title = {The Constrained Application Protocol (CoAP)},
  howpublished = {Internet Requests for Comments},
  type = {RFC},
  number = {7252},
  year = {2014},
  month = {June},
  issn = {2070-1721},
  publisher = {RFC Editor},
  institution = {RFC Editor},
  url = {http://www.rfc-editor.org/rfc/rfc7252.txt},
  note = {\url{http://www.rfc-editor.org/rfc/rfc7252.txt}},
}
